@inproceedings{1995_wadler_monads,
  title={Monads for functional programming},
  author={Wadler, P.},
  booktitle={International School on Advanced Functional Programming},
  pages={24--52},
  year={1995},
  organization={Springer}
}

@article{mcbride2008applicative,
  title={Applicative programming with effects},
  author={McBride, Conor and Paterson, Ross},
  journal={Journal of Functional Programming},
  volume={18},
  number={1},
  pages={1--13},
  year={2008},
  publisher={Cambridge University Press}
}

@inproceedings{swierstra1996parsers,
  title={Deterministic, error-correcting combinator parsers},
  author={Swierstra, S Doaitse and Duponcheel, Luc},
  booktitle={International School on Advanced Functional Programming},
  pages={184--207},
  year={1996},
  organization={Springer}
}

@book{haskell98,
    title = {{H}askell 98 {L}anguage and {L}ibraries: {T}he {R}evised {R}eport},
    author = {Simon {Peyton Jones}},
    year = {2003},
    publisher = {Cambridge University Press}
}

@inproceedings{free-applicatives,
  author = {Paolo Capriotti and Ambrus Kaposi},
  title = {Free applicative functors},
  year = {2014},
  journal = {Proceedings 5th Workshop on Mathematically Structured Functional Programming},
  volume = {153},
  pages = {2-30},
  publisher = {Open Publishing Association}
}

@article{jones2007practical,
  title={Practical type inference for arbitrary-rank types},
  author={Peyton~Jones, Simon and Vytiniotis, Dimitrios and Weirich, Stephanie and Shields, Mark},
  journal={Journal of Functional Programming},
  volume={17},
  number={1},
  pages={1--82},
  year={2007},
  publisher={Cambridge University Press}
}

@inproceedings{marlow2014haxl,
  title={There is no fork: An abstraction for efficient, concurrent, and concise data access},
  author={Marlow, Simon and Brandy, Louis and Coens, Jonathan and Purdy, Jon},
  booktitle={ACM SIGPLAN Notices},
  volume={49},
  number={9},
  pages={325--337},
  year={2014},
  organization={ACM}
}

@article{hutton1998monadic,
  title={Monadic parsing in Haskell},
  author={Hutton, Graham and Meijer, Erik},
  journal={Journal of functional programming},
  volume={8},
  number={4},
  pages={437--444},
  year={1998},
  publisher={Cambridge University Press}
}

@unpublished{dune,
    title = {{Dune: A composable build system}},
    author = {{Jane~Street}},
    year = {2018},
    note = {\url{https://github.com/ocaml/dune}}
}

@inproceedings{wadler1989theorems,
  title={Theorems for free!},
  author={Wadler, Philip},
  booktitle={FPCA},
  volume={89},
  number={4},
  pages={347--359},
  year={1989}
}

@inproceedings{liang1995monad,
  title={Monad transformers and modular interpreters},
  author={Liang, Sheng and Hudak, Paul and Jones, Mark},
  booktitle={Proceedings of the 22nd ACM SIGPLAN-SIGACT symposium on Principles of programming languages},
  pages={333--343},
  year={1995},
  organization={ACM}
}

@inproceedings{build_maintenance,
    author = {Shane McIntosh and Bram Adams and Thanh Nguyen and Yasutaka Kamei and Ahmed Hassan},
    title = {An empirical study of build maintenance effort},
    booktitle = {Proc. ICSE '11},
    year = {2011},
    pages = {141--150},
    publisher = {ACM Press}
}

@unpublished{boolean-blindness,
    title = {{Boolean Blindness}},
    author = {Stephen Diehl},
    year = {2018},
    note = {\url{http://dev.stephendiehl.com/hask/\#boolean-blindness}}
}

@inproceedings{blondal2018deriving,
  title={Deriving Via},
  author={Bl{\"o}ndal, Baldur and L{\"o}h, Andres and Scott, Ryan},
  booktitle={Proceedings of the 11th ACM Haskell Symposium (Haskell'18)},
  year={2018}
}
